% A bibliography used by the example work report, using uw-ece-workreport.cls 
% Copyright (C) 2002,2003  Simon Law
% 
% This program is free software; you can redistribute it and/or modify
% it under the terms of the GNU General Public License as published by
% the Free Software Foundation; either version 2 of the License, or
% (at your option) any later version.
% 
% This program is distributed in the hope that it will be useful,
% but WITHOUT ANY WARRANTY; without even the implied warranty of
% MERCHANTABILITY or FITNESS FOR A PARTICULAR PURPOSE.  See the
% GNU General Public License for more details.
% 
% You should have received a copy of the GNU General Public License
% along with this program; if not, write to the Free Software
% Foundation, Inc., 59 Temple Place, Suite 330, Boston, MA  02111-1307  USA

%%%%%%%%%%%%%%%%%%%%%%%%%%%%%%%%%%%%%%%%%%%%%%%%%%%%%%%%%%%%%%%%%%%%%%%%
% This is an example bibliography, made using BiBTeX.
%
% You can place entries in any order, and BiBTeX will order them
% correctly, saving you time and trouble.  All you have to do is make
% sure your references here match up with the references in your main
% document.
%%%%%%%%%%%%%%%%%%%%%%%%%%%%%%%%%%%%%%%%%%%%%%%%%%%%%%%%%%%%%%%%%%%%%%%%

@misc{ref:ad,
  title   = "{What is Active Directory?}",
  author = "Microsoft",
  note    = "\url{http://msdn.microsoft.com/en-us/library/aa746492(v=vs.85).aspx}
             (current Sept.\ 2014)",
}

@misc{ref:mvc,
  title   = "{MVC Architecture}",
  author = "Google",
  note    = "\url{https://developer.chrome.com/apps/app_frameworks}
             (current Sept.\ 2014)",
}

@misc{ref:odata,
    title  = "{Home | Open Data Protocol}",
    author = "{Open Data Protocol}",
    note = "\url{http://www.odata.org/}
            (current Sept. \ 2014)",
}

@misc{ref:odatav,
    title  = "{OData V4.0 Approved as a New OASIS Standard}",
    author = "Michael Pizzo",
    note = "\url{http://www.odata.org/blog/odata-v4-0-approved-as-a-new-oasis-standard/}
            (current Mar. \ 2014)",
}

@misc{ref:graph,
    title  = "{Windows Azure Active Directory Graph Team | Welcome!}",
    author = "{AAD Graph Team}",
    note = "\url{http://blogs.msdn.com/b/aadgraphteam/archive/2012/12/28/welcome.aspx}
            (current Dec. \ 2012)",
}

@misc{ref:wcfds,
    title  = "{OData Team | [Discussion] Future Direction of WCF Data Services}",
    author = "Michael Pizzo",
    note = "\url{http://blogs.msdn.com/b/odatateam/archive/2014/03/27/future-direction-of-wcf-data-services.aspx}
            (current Mar. \ 2014)",
}
